@article{Horton:2007tsa,
author = {Horton, H and Thomas, EP and Stucky, JA and Frank, I and Moodie, Z and Huang, Y and Chiu, YL and McElrath, MJ and De Rosa, SC},
title = {Optimization and validation of an 8-color intracellular cytokine staining (ICS) assay to quantify antigen-specific T cells induced by vaccination},
journal = {Journal of immunological methods},
year = {2007},
volume = {323},
number = {1},
pages = {39--54}
}

@article{DeRosa:2004wp,
author = {De Rosa, Stephen C and Lu, Fabien X and Yu, Joanne and Perfetto, Stephen P and Falloon, Judith and Moser, Susan and Evans, Thomas G and Koup, Richard and Miller, Christopher J and Roederer, Mario},
title = {Vaccination in humans generates broad T cell cytokine responses.},
journal = {J Immunol},
year = {2004},
volume = {173},
number = {9},
pages = {5372--5380},
month = nov
}

@article{Betts:2006dw,
author = {Betts, Michael R and Nason, Martha C and West, Sadie M and De Rosa, Stephen C and Migueles, Stephen A and Abraham, Jonathan and Lederman, Michael M and Benito, Jose M and Goepfert, Paul A and Connors, Mark and Roederer, Mario and Koup, Richard A},
title = {HIV nonprogressors preferentially maintain highly functional HIV-specific CD8+ T cells.},
journal = {Blood},
year = {2006},
volume = {107},
number = {12},
pages = {4781--4789},
month = jun
}

@article{Plotkin:2010ve,
author = {Plotkin, S},
title = {Correlates of protection induced by vaccination},
journal = {Clinical and Vaccine Immunology},
year = {2010}
}

@article{Kim:2010fw,
author = {Kim, Jerome H and Rerks-Ngarm, Supachai and Excler, Jean-Louis and Michael, Nelson L},
title = {HIV vaccines: lessons learned and the way forward.},
journal = {Current opinion in HIV and AIDS},
year = {2010},
volume = {5},
number = {5},
pages = {428--434},
month = sep
}

@article{Peiperl:2010ej,
author = {Peiperl, Laurence and Morgan, Cecilia and Moodie, Zoe and Li, Hongli and Russell, Nina and Graham, Barney S and Tomaras, Georgia D and De Rosa, Stephen C and McElrath, M Juliana and {the NIAID HIV Vaccine Trials Network}},
title = {Safety and Immunogenicity of a Replication-Defective Adenovirus Type 5 HIV Vaccine in Ad5-Seronegative Persons: A Randomized Clinical Trial (HVTN 054)},
journal = {PLoS ONE},
year = {2010},
volume = {5},
number = {10},
pages = {e13579},
month = oct
}

@article{Hahne:2009vv,
author = {Hahne, F and LeMeur, N and Brinkman, RR and Ellis, B and Haaland, P and Sarkar, D and Spidlen, J and Strain, E and Gentleman, R},
title = {flowCore: a Bioconductor package for high throughput flow cytometry},
journal = {BMC Bioinformatics},
year = {2009},
volume = {10},
number = {1},
pages = {106}
}

@article{Dempster:1977ul,
author = {Dempster, A.P. and Laird, N.M. and Rubin, D.B.},
title = {Maximum likelihood from incomplete data via the EM algorithm},
journal = {Journal of the Royal Statistical Society. Series B (Methodological)},
year = {1977},
pages = {1--38}
}



